<?xml version="1.0" encoding="UTF-8"?><collection xmlns="http://www.loc.gov/MARC21/slim"><record><leader>00505nam--2200157-i-4500</leader><controlfield tag="001">000015317</controlfield><controlfield tag="002">20161230</controlfield><controlfield tag="005">20170221014015</controlfield><controlfield tag="008">060222s1000------------r-----000-0-eng-d</controlfield><datafield ind1=" " ind2=" " tag="100"><subfield code="a">De Boer, J. B</subfield></datafield><datafield ind1=" " ind2=" " tag="245"><subfield code="a">Iluminatul interior. Traducere si adaptare din limba engleza-olanda: Conferential dr.ing. Cornel Bianchi. sef lucrari: ing.Ana-Maria Bianchi</subfield></datafield><datafield ind1=" " ind2=" " tag="260"><subfield code="a">Bucuresti</subfield><subfield code="b">Ed.Tehnica</subfield><subfield code="c">1984</subfield></datafield><datafield ind1=" " ind2=" " tag="300"><subfield code="a">311 p.+22 Planse</subfield></datafield><datafield ind1=" " ind2=" " tag="700"><subfield code="a">Fischer, David</subfield></datafield><datafield ind1=" " ind2=" " tag="852"><subfield code="a">621.32</subfield></datafield><datafield ind1=" " ind2=" " tag="CAT"><subfield code="a">SYS</subfield><subfield code="c">20170221</subfield><subfield code="h">014015</subfield></datafield></record></collection>